@article{blei2003latent,
  title={Latent dirichlet allocation},
  author={Blei, David M and Ng, Andrew Y and Jordan, Michael I},
  journal={Journal of machine Learning research},
  volume={3},
  number={Jan},
  pages={993--1022},
  year={2003}
}

@article{griffiths2004finding,
  title={Finding scientific topics},
  author={Griffiths, Thomas L and Steyvers, Mark},
  journal={Proceedings of the National academy of Sciences},
  volume={101},
  number={suppl 1},
  pages={5228--5235},
  year={2004},
  publisher={National Acad Sciences}
}

@article{newman2009distributed,
  title={Distributed algorithms for topic models},
  author={Newman, David and Asuncion, Arthur and Smyth, Padhraic and Welling, Max},
  journal={Journal of Machine Learning Research},
  volume={10},
  number={Aug},
  pages={1801--1828},
  year={2009}
}

@article{magnusson2017sparse,
  title={Sparse Partially Collapsed MCMC for Parallel Inference in Topic Models},
  author={Magnusson, M{\aa}ns and Jonsson, Leif and Villani, Mattias and Broman, David},
  journal={Journal of Computational and Graphical Statistics},
  number={just-accepted},
  year={2017},
  publisher={Taylor \& Francis}
}

@inproceedings{yao2009efficient,
  title={Efficient methods for topic model inference on streaming document collections},
  author={Yao, Limin and Mimno, David and McCallum, Andrew},
  booktitle={Proceedings of the 15th ACM SIGKDD international conference on Knowledge discovery and data mining},
  pages={937--946},
  year={2009},
  organization={ACM}
}

@inproceedings{yuan2015lightlda,
  title={LightLDA: Big Topic Models on Modest Computer Clusters},
  author={Yuan, Jinhui and Gao, Fei and Ho, Qirong and Dai, Wei and Wei, Jinliang and Zheng, Xun and Xing, Eric Po and Liu, Tie-Yan and Ma, Wei-Ying},
  booktitle={Proceedings of the 24th International Conference on World Wide Web},
  pages={1351--1361},
  year={2015},
  organization={International World Wide Web Conferences Steering Committee}
}

@inproceedings{li2014reducing,
  title={Reducing the sampling complexity of topic models},
  author={Li, Aaron Q and Ahmed, Amr and Ravi, Sujith and Smola, Alexander J},
  booktitle={Proceedings of the 20th ACM SIGKDD international conference on Knowledge discovery and data mining},
  pages={891--900},
  year={2014},
  organization={ACM}
}

@misc{Terenin2018,
Author = {Alexander Terenin and Måns Magnusson and Leif Jonsson and David Draper},
Title = {Polya Urn Latent Dirichlet Allocation: a doubly sparse massively parallel sampler},
Year = {2017},
Eprint = {arXiv:1704.03581},
}

@article{magnusson2017sparse,
  title={Sparse partially collapsed mcmc for parallel inference in topic models},
  author={Magnusson, M{\aa}ns and Jonsson, Leif and Villani, Mattias and Broman, David},
  journal={Journal of Computational and Graphical Statistics},
  number={just-accepted},
  year={2017},
  publisher={Taylor \& Francis}
}


@article{sutter2005free,
  title={The free lunch is over: A fundamental turn toward concurrency in software},
  author={Sutter, Herb},
  journal={Dr. Dobb’s journal},
  volume={30},
  number={3},
  pages={202--210},
  year={2005}
}
